%
%
%
% 
%
% Joerg Baumgart
%
%
% ein paar Literatureintr\"age zum Thema Wissenschaftliches Arbeiten

@book{taschenbuch, 
author = {Michael Rohrlich},
title = {Cloud Computing Rechtliche Grundlagen},
shorttitle = {Cloud Computing},
publisher = {entwickler.press},
year = {2014},
isbn = {9783868021158}
}


@book{handbuch,
author = {Dr. Marc Hilber, LL.M(Illinois)},
title = {Handbuch Cloud Computing},
shorttitle = {Handbuch Cloud Computing},
publisher = {Verlag Dr. Otto Schmidt KG},
year = {2014},
isbn = {9783504560911}
}





